@Techreport{3GPP.TS.23.002GSM,
  author = "{3GPP}",
  title = "{Network architecture}",
  type = "TS",
  institution = "{3rd Generation Partnership Project (3GPP)}",
  number = "{23.002 v3.6.0}",
  month = 09,
  year = 2002,
  url = "http://3gpp.org/ftp/Specs./html-info/23002.htm",
}

@Techreport{3GPP.TS.23.002Rel8, 
  author = "{3GPP}",
  title = "{Network architecture (Release 8)}",
  type = "TS",
  institution = "{3rd Generation Partnership Project (3GPP)}",
  number = "{23.002 V8.7.0}",
  month = dec,
  year = 2010,
  note = "{Available}: \url{http://3gpp.org/ftp/Specs./html-info/23002.htm} [retrieved: Jan., 2014]",
}

@Techreport{3GPP.TS.23.107,
  author = "{3GPP}",
  title = "{Quality of Service (QoS) concept and 
		architecture}",
  type = "TS",
  institution = "{3rd Generation Partnership Project (3GPP)(Release8)}",
  number = "{23.107 v8.2.0}",
  month = sep,
  year = 2011,
  url = "http://3gpp.org/ftp/Specs./html-info/23107.htm",
}

@Techreport{3GPP.TS.23.203.v.8.14.0,
  author = "{3GPP}",
  title = "{Technical Specification Group Services and System Aspects; Policy and charging control architecture (Release 8)}",
  type = "TS",
  institution = "{3rd Generation Partnership Project (3GPP)}",
  number = "{23.203 v8.14.0}",
  month = jun,
  year = 2012,
  url = "http://3gpp.org/ftp/Specs./html-info/23203.htm",
}

@Techreport{3GPP.TS.23.078,
  author = "{3GPP}",
  title = "{Customised Applications for Mobile network Enhanced Logic; (CAMEL) Phase 4; Stage 2}",
  type = "TS",
  institution = "{3rd Generation Partnership Project (3GPP)}",
  number = "{23.078 v11.2.0}",
  month = mar,
  year = 2012,
  url = "http://3gpp.org/ftp/Specs./html-info/23078.htm",
}


@Techreport{3GPP.TS.23.101,
  author = "{3GPP}",
  title = "{General UMTS Architecture}",
  type = "TS",
  institution = "{3rd Generation Partnership Project (3GPP)}",
  number = "{23.101 v3.1.0}",
  month = dec,
  year = 2000,
  url = "http://3gpp.org/ftp/Specs./html-info/23101.htm",
}

%} 3GPP TS 23.140: Multimedia Messaging Service; Stage 2


@Techreport{3gppMMS,
  author = "{3GPP}",
  title = "{3rd Generation Partnership Project; Technical Specification Group Services and System Aspects; Multimedia Messaging Service; Stage2}",
  type = "TS",
  institution = "{3rd Generation Partnership Project (3GPP)}",
  number = "{23.140 v10.0.0}",
  month = mar,
  year = 2011,
  url = "http://ftp.3gpp.org/specs/html-info/23140.htm",
}



@Techreport{3GPP.TS.23.141,
  author = "{{3GPP}}",
  title = "{3rd Generation Partnership Project; Technical Specification Group Services and System Aspects; Presence Service; Architecture and functional description}",
  type = "TS",
  institution = "{3rd Generation Partnership Project (3GPP)}",
  number = "{23.141 v10.0.0}",
  month = mar,
  year = 2011,
  note = "{Available}: \url{http://ftp.3gpp.org/specs/html-info/23141.htm} [retrieved: Dec., 2013]",
}

@Techreport{3GPP.TS.23.228v8.12.0,
  author = "{3GPP}",
  title = "{IP Multimedia Subsystem (IMS); Stage 2}",
  type = "TS",
  institution = "{3rd Generation Partnership Project (3GPP)}",
  number = "{23.228 v8.12.0}",
  month = mar,
  year = 2010,
  note = "{Available}: \url{http://ftp.3gpp.org/specs/html-info/23228.htm} [retrieved: Dec., 2013]",
}

@Techreport{3GPP.TS.23.228v125,
  author = "{3GPP}",
  title = "{IP Multimedia Subsystem (IMS); Stage 2}",
  type = "TS",
  institution = "{3rd Generation Partnership Project (3GPP)}",
  number = "{23.228 v12.5.0}",
  month = aug,
  year = 2014,
  url = "http://ftp.3gpp.org/specs/html-info/23228.htm",
}

@Techreport{3GPP.TS.23.237,
  author = "{3GPP}",
  title = "{IP Multimedia Subsystem (IMS) Service Continuity}",
  type = "TS",
  institution = "{3rd Generation Partnership Project (3GPP)}",
  number = "{23.237 v10.7.0}",
  month = sep,
  year = 2011,
  url = "http://ftp.3gpp.org/specs/html-info/23237.htm",
}

@Techreport{3GPP.TS.23.272,
  author = "{3GPP}",
  title = "{Circuit Switched (CS) fallback in Evolved Packet System (EPS), Stage2, Rel.8}",
  type = "TS",
  institution = "{3rd Generation Partnership Project (3GPP)}",
  number = "{23.272 v8.10.0}",
  month = dec,
  year = 2010,
  url = "http://ftp.3gpp.org/specs/html-info/23272.htm",
}

@Techreport{3GPP.TS.23.401,
  author = "{3GPP}",
  title = "{GPRS enhancements for E-UTRAN access}",
  type = "TS",
  institution = "{3rd Generation Partnership Project (3GPP)}",
  number = "{23.401 V11.3.0}",
  month = nov,
  year = 2012,
  url = "http://www.3gpp.org/ftp/Specs/html-info/23401.htm",
}

@Techreport{3GPP.TS.23.406,
  author = "{3GPP}",
  title = "{Services and System Aspects; IP Multimedia Subsystem (IMS); Stage 2 description}",
  type = "TS",
  institution = "{3rd Generation Partnership Project (3GPP)}",
  number = "{23.406 v7.2.0}",
  month = sep,
  year = 2008,
  url = "http://www.3gpp.org/ftp/Specs/html-info/23406.htm",
}

@Techreport{3GPP.TS.23.417,
  author = "{3GPP}",
  title = "{Services and System Aspects; IP Multimedia Subsystem (IMS); Functional architecture}",
  type = "TS",
  institution = "{3rd Generation Partnership Project (3GPP)}",
  number = "{23.417 v7.0.0}",
  month = dec,
  year = 2007,
  url = "http://www.3gpp.org/ftp/Specs/html-info/23417.htm",
}

% 3GPP WebRTC 

@Techreport{3GPP.TS.23.701,
  author = "{3GPP}",
  title = "{Study on Web Real Time Communication (WebRTC) access to IP Multimedia Subsystem (IMS); Stage 2}",
  type = "TS",
  institution = "{3rd Generation Partnership Project (3GPP)}",
  number = "{23.701 v12.0.0}",
  month = dec,
  year = 2013,
  note = "{Available}: \url{http://www.3gpp.org/DynaReport/WiVsSpec--580062.htm} [retrieved: Jan., 2014]",
}

@Techreport{3GPP.TS.24.173,
  author = "{3GPP}",
  title = "{3rd Generation Partnership Project; IMS multimedia telephony communication service and supplementary 
		services }",
  type = "TS",
  institution = "{3rd Generation Partnership Project (3GPP)}",
  number = "{24.173 v10.0.0}",
  month = sep,
  year = 2010,
  url = "http://ftp.3gpp.org/specs/html-info/24173.htm",
}

@Techreport{3GPP.TS.24.141,
  author = "{3GPP}",
  title = "{3rd Generation Partnership Project; Technical Specification Group Core Network and Terminals; Presence service using the IP Multimedia (IM) Core Network (CN) subsystem; Stage 3}",
  type = "TS",
  institution = "{3rd Generation Partnership Project (3GPP)}",
  number = "{24.141 v10.0.0}",
  month = mar,
  year = 2011,
  url = "http://ftp.3gpp.org/specs/html-info/24141.htm",
}

@Techreport{3GPP.TS.24.229.v5.26.0,
  author = "{3GPP}",
  title = "{IP multimedia call control protocol based on Session Initiation Protocol (SIP) and Session Description Protocol (SDP); Stage 3}",
  type = "TS",
  institution = "{3rd Generation Partnership Project (3GPP)}",
  number = "{24.229 v5.26.0}",
  month = mar,
  year = 2012,
  url = "http://ftp.3gpp.org/Specs/html-info/24229.htm",
}

@Techreport{3GPP.TS.24.229,
  author = "{3GPP}",
  title = "{IP multimedia call control protocol based on Session Initiation Protocol (SIP) and Session Description Protocol (SDP); Stage 3}",
  type = "TS",
  institution = "{3rd Generation Partnership Project (3GPP)}",
  number = "{24.229 v10.9.0}",
  month = sep,
  year = 2012,
  url = "http://ftp.3gpp.org/Specs/html-info/24229.htm",
}

@Techreport{3GPP.TS.24.229.v11.3.0,
  author = "{3GPP}",
  title = "{IP multimedia call control protocol based on Session Initiation Protocol (SIP) and Session Description Protocol (SDP); Stage 3}",
  type = "TS",
  institution = "{3rd Generation Partnership Project (3GPP)}",
  number = "{24.229 v11.3.0}",
  month = mar,
  year = 2012,
  url = "http://ftp.3gpp.org/Specs/html-info/24229.htm",
}

@Techreport{3GPP.TS.24.286,
  author = "{3GPP}",
  title = "{IP Multimedia (IM) Core Network (CN) subsystem - Centralized Services (ICS); Management Object (MO)}",
  type = "TS",
  institution = "{3rd Generation Partnership Project (3GPP)}",
  number = "{24.286 v10.0.0}",
  month = mar,
  year = 2011,
  url = "http://ftp.3gpp.org/Specs/html-info/24286.htm",
}

@Techreport{3GPP.TS.24.301,
  author = "{3GPP}",
  title = "{UMTS; LTE; NAS protocol for EPS; stage 3}",
  type = "TS",
  institution = "{3rd Generation Partnership Project (3GPP)}",
  number = "{24.301 V8.10.0}",
  month = jun,
  year = 2011,
  url = "http://ftp.3gpp.org/Specs/html-info/24301.htm",
}

@Techreport{3GPP.TS.24.403,
  author = "{3GPP}",
  title = "{IP multimedia call control protocol based on Session Initiation Protocol (SIP) and Session Description Protocol (SDP); Stage 3 modified}",
  type = "TS",
  institution = "{3rd Generation Partnership Project (3GPP)}",
  number = "{24.403 v7.3.0}",
  month = jun,
  year = 2009,
  url = "http://ftp.3gpp.org/Specs/html-info/24403.htm",
}


@Techreport{3GPP.TS.25.301,
  author = "{3GPP}",
  title = "{Radio Interface Protocol Architecture (Release 9)}",
  type = "TS",
  institution = "{3rd Generation Partnership Project (3GPP)}",
  number = "{25.301 V9.2.0}",
  month = jun,
  year = 2010,
  url = "http://ftp.3gpp.org/Specs/html-info/25301.htm",
}

@Techreport{3GPP.TS.25.306,
  author = "{3GPP}",
  title = "{UE Radio Access capabilities (Release9)}",
  type = "TS",
  institution = "{3rd Generation Partnership Project (3GPP)}",
  number = "{25.306 V9.10.0}",
  month = dec,
  year = 2012,
  url = "http://ftp.3gpp.org/Specs/html-info/25306.htm",
}

@Techreport{3GPP.TS.26.235,
  author = "{3GPP}",
  title = "{Packet switched conversational multimedia applications; Default codecs}",
  type = "TS",
  institution = "{3rd Generation Partnership Project (3GPP)}",
  number = "{26.235 v9.0.0}",
  month = dec,
  year = 2009,
  url = "http://ftp.3gpp.org/specs/html-info/26235.htm",
}

@Techreport{3GPP.TS.29.061,
  author = "{3GPP}",
  title = "{Interworking between the Public Land Mobile Network (PLMN) supporting packet based services and Packet Data Networks (PDN)}",
  type = "TS",
  institution = "{3rd Generation Partnership Project (3GPP)}",
  number = "{29.061 v9.3.0}",
  month = jun,
  year = 2010,
  url = "http://ftp.3gpp.org/Specs/html-info/29061.htm",
}

@Techreport{3GPP.TS.29.162,
  author = "{3GPP}",
  title = "{Interworking between the IM CN subsystem and IP networks}",
  type = "TS",
  institution = "{3rd Generation Partnership Project (3GPP)}",
  number = "{29.162 v9.5.0}",
  month = jun,
  year = 2010,
  url = "http://ftp.3gpp.org/Specs/html-info/29162.htm",
}

@Techreport{3GPP.TS.29.165,
  author = "{3GPP}",
  title = "{Technical Specification Group Core Network and Terminals; Inter-IMS Network to Network Interface (NNI)}",
  type = "TS",
  institution = "{3rd Generation Partnership Project (3GPP)}",
  number = "{29.165 v11.2.0}",
  month = mar,
  year = 2012,
  url = "http://ftp.3gpp.org/Specs/html-info/29165.htm",
}

@Techreport{3GPP.TS.29.213,
  author = "{3GPP}",
  title = "{Policy and charging control signalling flows and Quality of Service (QoS) parameter mapping}",
  type = "TS",
  institution = "{3rd Generation Partnership Project (3GPP)}",
  number = "{29.213 v9.3.0}",
  month = jun,
  year = 2010,
  url = "http://ftp.3gpp.org/Specs/html-info/29213.htm",
}

@Techreport{3GPP.TS.29.238,
  author = "{3GPP}",
  title = "{Interconnection Border Control Functions (IBCF) - Transition Gateway (TrGW) interface; Ix interface; Stage 3}",
  type = "TS",
  institution = "{3rd Generation Partnership Project (3GPP)}",
  number = "{29.238 v9.2.0}",
  month = jun,
  year = 2010,
  url = "http://ftp.3gpp.org/specs/html-info/29238.htm",
}

@Techreport{3GPP.TS.29.229,
  author = "{3GPP}",
  title = "{Cx and Dx interfaces based on the Diameter protocol; Protocol details}",
  type = "TS",
  institution = "{3rd Generation Partnership Project (3GPP)}",
  number = "{29.229 v11.0.0}",
  month = dec,
  year = 2011,
  url = "http://ftp.3gpp.org/specs/html-info/29229.htm",
}

@Techreport{3GPP.TS.29.235,
  author = "{3GPP}",
  title = "{Interworking between SIP-I based circuit-switched core network and other networks}",
  type = "TS",
  institution = "{3rd Generation Partnership Project (3GPP)}",
  number = "{29.235 v10.0.0}",
  month = mar,
  year = 2011,
  url = "http://ftp.3gpp.org/specs/html-info/29235.htm",
}

@Techreport{3GPP.TS.29.328,
  author = "{3GPP}",
  title = "{IP Multimedia (IM) Subsystem Sh interface; Signalling flows and message contents}",
  type = "TS",
  institution = "{3rd Generation Partnership Project (3GPP)}",
  number = "{29.328 v11.3.0}",
  month = mar,
  year = 2012,
  url = "http://ftp.3gpp.org/specs/html-info/29328.htm",
}

@Techreport{3GPP.TS.29.421,
  author = "{3GPP}",
  title = "{Endorsement of 3GPP TS 29.162 Interworking between IM CN Sub-system and IP networks}",
  type = "TS",
  institution = "{3rd Generation Partnership Project (3GPP)}",
  number = "{29.421 v8.1.0}",
  month = sep,
  year = 2010,
  url = "http://ftp.3gpp.org/specs/html-info/29421.htm",
}

@Techreport{3GPP.TS.32.102,
  author = "{3GPP}",
  title = "{Technical Specification Group Services and System Aspects; Telecommunication management; Architecture}",
  type = "TS",
  institution = "{3rd Generation Partnership Project (3GPP)}",
  number = "{32.102 v11.0.0}",
  month = sep,
  year = 2012,
  url = "http://ftp.3gpp.org/Specs/html-info/32102.htm",
}

@Techreport{3GPP.TS.32.240,
  author = "{3GPP}",
  title = "{Telecommunication management; Charging management; Charging architecture and principles}",
  type = "TS",
  institution = "{3rd Generation Partnership Project (3GPP)}",
  number = "{32.240 v11.3.0}",
  month = mar,
  year = 2012,
  url = "http://ftp.3gpp.org/Specs/html-info/32240.htm",
}

@Techreport{3GPP.TS.32.260,
  author = "{3GPP}",
  title = "{Telecommunication management; Charging management; IP Multimedia Subsystem (IMS) charging}",
  type = "TS",
  institution = "{3rd Generation Partnership Project (3GPP)}",
  number = "{32.260 v10.0.0}",
  month = jun,
  year = 2010,
  url = "http://ftp.3gpp.org/Specs/html-info/32260.htm",
}

@Techreport{3GPP.TS.32.299,
  author = "{3GPP}",
  title = "{Telecommunication management; Charging management; Diameter charging applications}",
  type = "TS",
  institution = "{3rd Generation Partnership Project (3GPP)}",
  number = "{32.299 v11.3.0}",
  month = mar,
  year = 2012,
  url = "http://ftp.3gpp.org/Specs/html-info/32299.htm",
}

@Techreport{3GPP.TS.33.210,
  author = "{3GPP }",
  title = "{3G security; Network Domain Security (NDS); IP network layer security}",
  type = "TS",
  institution = "{3rd Generation Partnership Project (3GPP)}",
  number = "{33.210 v9.1.0}",
  month = jun,
  year = 2010,
  url = "http://ftp.3gpp.org/Specs/html-info/33210.htm",
}


@Techreport{3GPP.TS.36.300Rel.8.V.12.0,
  author = "{3GPP}",
  title = "{E-UTRA and E-UTRAN overall description}",
  type = "TS",
  institution = "{3rd Generation Partnership Project (3GPP)}",
  number = "{36.300 v8.12.0}",
  month = mar,
  year = 2010,
  url = "http://ftp.3gpp.org/Specs/html-info/36300.htm",
}