@Techreport{ETSI.ES.282001.v1.1.1,
  author = "{ETSI}",
  title = "{Telecommunications and Internet converged Services and Protocols for Advanced Networking (TISPAN); NGN Functional Architecture Release 1}",
  type = "ES",
  institution = "{European Telecommunications Standards Institute (ETSI)}",
  number = "{282001 v1.1.1}",
  month = aug,
  year = 2005,
  url = "http://pda.etsi.org/pda/queryform.asp",
}

@Techreport{ETSI.ES.282001.v2.0.0,
  author = "{ETSI}",
  title = "{Telecommunications and Internet converged Services and Protocols for Advanced Networking (TISPAN); NGN Functional Architecture}",
  type = "ES",
  institution = "{European Telecommunications Standards Institute (ETSI)}",
  number = "{282001 v2.0.0}",
  month = mar,
  year = 2008,
  url = "http://pda.etsi.org/pda/queryform.asp",
}

@Techreport{ETSI.ES.282001.v3.4.1,
  author = "{ETSI}",
  title = "{Telecommunications and Internet converged Services and Protocols for Advanced Networking (TISPAN); NGN Functional Architecture}",
  type = "ES",
  institution = "{European Telecommunications Standards Institute (ETSI)}",
  number = "{282001 v3.4.1}",
  month = sep,
  year = 2009,
  url = "http://pda.etsi.org/pda/queryform.asp",
}

@Techreport{ETSI.ES.282003.v1.1.1,
  author = "{ETSI}",
  title = "{Telecommunications and Internet converged Services and Protocols for Advanced Networking (TISPAN); Resource and Admission Control Sub-system (RACS); Functional Architecture}",
  type = "ES",
  institution = "{European Telecommunications Standards Institute (ETSI)}",
  number = "{282003 v1.1.1}",
  month = jun,
  year = 2006,
  url = "http://pda.etsi.org/pda/queryform.asp",
}

@Techreport{ETSI.ES.282003.v2.0.0,
  author = "{ETSI}",
  title = "{Telecommunications and Internet converged Services and Protocols for Advanced Networking (TISPAN); Resource and Admission Control Sub-system (RACS); Functional Architecture}",
  type = "ES",
  institution = "{European Telecommunications Standards Institute (ETSI)}",
  number = "{282003 v2.0.0}",
  month = may,
  year = 2008,
  url = "http://pda.etsi.org/pda/queryform.asp",
}

@Techreport{ETSI.ES.282003.v3.4.2,
  author = "{ETSI}",
  title = "{Telecommunications and Internet converged Services and Protocols for Advanced Networking (TISPAN); Resource and Admission Control Sub-system (RACS); Functional Architecture}",
  type = "ES",
  institution = "{European Telecommunications Standards Institute (ETSI)}",
  number = "{282003 v3.4.2}",
  month = apr,
  year = 2010,
  url = "http://pda.etsi.org/pda/queryform.asp",
}

@Techreport{ETSI.ES.282007.v1.2.1,
  author = "{ETSI}",
  title = "{Telecommunications and Internet converged Services and Protocols for Advanced Networking (TISPAN); IP Multimedia Subsystem (IMS); Functional architecture}",
  type = "ES",
  institution = "{European Telecommunications Standards Institute (ETSI)}",
  number = "{282007 v1.2.1}",
  month = nov,
  year = 2008,
  url = "http://pda.etsi.org/pda/queryform.asp",
}

@Techreport{ETSI.ES.282007.v2.1.1,
  author = "{ETSI}",
  title = "{Telecommunications and Internet converged Services and Protocols for Advanced Networking (TISPAN); IP Multimedia Subsystem (IMS); Functional architecture}",
  type = "ES",
  institution = "{European Telecommunications Standards Institute (ETSI)}",
  number = "{282007 v2.1.1}",
  month = nov,
  year = 2008,
  url = "http://pda.etsi.org/pda/queryform.asp",
}

@Techreport{ETSI.ES.283018.v1.1.4,
  author = "{ETSI}",
  title = "{Telecommunications and Internet converged Services and Protocols for Advanced Networking (TISPAN); Resource and Admission Control: H.248 Profile for controlling Border Gateway Functions (BGF) in the Resource and Admission Control Subsystem (RACS); Protocol specification}",
  type = "ES",
  institution = "{European Telecommunications Standards Institute (ETSI)}",
  number = "{283018 v1.1.4}",
  month = oct,
  year = 2007,
  url = "http://pda.etsi.org/pda/queryform.asp",
}

@Techreport{ETSI.ES.283018.v2.7.2,
  author = "{ETSI}",
  title = "{Telecommunications and Internet converged Services and Protocols for Advanced Networking (TISPAN); Resource and Admission Control: H.248 Profile for controlling Border Gateway Functions (BGF) in the Resource and Admission Control Subsystem (RACS); Protocol specification}",
  type = "ES",
  institution = "{European Telecommunications Standards Institute (ETSI)}",
  number = "{283018 v2.7.2}",
  month = jan,
  year = 2010,
  url = "http://pda.etsi.org/pda/queryform.asp",
}

@Techreport{ETSI.ES.283026.v2.4.1,
  author = "{ETSI}",
  title = "{Telecommunications and Internet converged Services and Protocols for Advanced Networking (TISPAN); Resource and Admission Control; Protocol for QoS reservation information exchange between the Service Policy Decision Function (SPDF) and the Access-Resource and Admission Control Function (A-RACF) in the Resource and Protocol specification}",
  type = "ES",
  institution = "{European Telecommunications Standards Institute (ETSI)}",
  number = "{283026 v2.4.1}",
  month = nov,
  year = 2008,
  url = "http://pda.etsi.org/pda/queryform.asp",
}

@Techreport{ETSI.TR.102633.v1.1.1,
  author = "{ETSI}",
  title = "{Corporate Networks (NGCN); Next Generation Corporate Networks (NGCN) - General}",
  type = "TR",
  institution = "{European Telecommunications Standards Institute (ETSI)}",
  number = "{102633 v1.1.1}",
  month = oct,
  year = 2008,
  url = "http://pda.etsi.org/pda/queryform.asp",
}

@Techreport{ETSI.TR.180000.v1.1.1,
  author = "{ETSI}",
  title = "{Telecommunications and Internet Converged Services and Protocols for Advanced Networking (TISPAN);NGN Terminology}",
  type = "TR",
  institution = "{European Telecommunications Standards Institute (ETSI)}",
  number = "{180000 v1.1.1}",
  month = feb,
  year = 2006,
  url = "http://pda.etsi.org/pda/queryform.asp",
}

@Techreport{ETSI.TR.182022.v2.0.0,
  author = "{ETSI}",
  title = "{Telecommunications and Internet Converged Services and Protocols for Advanced Networking (TISPAN); Architectures for QoS handling}",
  type = "TR",
  institution = "{European Telecommunications Standards Institute (ETSI)}",
  number = "{182022 v2.0.0}",
  month = dec,
  year = 2007,
  url = "http://pda.etsi.org/pda/queryform.asp",
}

@Techreport{ETSI.TR.183046.v2.0.0,
  author = "{ETSI}",
  title = "{Telecommunications and Internet converged Services and Protocols for Advanced Networking (TISPAN); SDP Interworking between SIP/SDP and H.248/SDP}",
  type = "TR",
  institution = "{European Telecommunications Standards Institute (ETSI)}",
  number = "{183046 v2.0.0}",
  month = jan,
  year = 2008,
  url = "http://pda.etsi.org/pda/queryform.asp",
}

@Techreport{ETSI.TR.183046.v3.3.1,
  author = "{ETSI}",
  title = "{Telecommunications and Internet converged Services and Protocols for Advanced Networking (TISPAN); SDP Interworking between Call/Session Control Protocols (SIP/SDP, RTSP/SDP; etc.) and the Gateway Control Protocol (H.248/SDP)}",
  type = "TR",
  institution = "{European Telecommunications Standards Institute (ETSI)}",
  number = "{183046 v3.1.1}",
  month = aug,
  year = 2009,
  url = "http://pda.etsi.org/pda/queryform.asp",
}

@Techreport{ETSI.TS.123002.v3.6.0,
  author = "{ETSI}",
  title = "{Digital cellular telecommunications system (Phase 2+); Universal Mobile Telecommunications System (UMTS); Network Architecture (3GPP TS 23.002 version 3.6.0 Release 1999)}",
  type = "TS",
  institution = "{European Telecommunications Standards Institute (ETSI)}",
  number = "{123002 v3.6.0}",
  month = sep,
  year = 2002,
  url = "http://pda.etsi.org/pda/queryform.asp",
}

@Techreport{ETSI.TS.123002.v4.8.0,
  author = "{ETSI}",
  title = "{Digital cellular telecommunications system (Phase 2+); Universal Mobile Telecommunications System (UMTS); Network architecture (3GPP TS 23.002 version 4.8.0 Release 4)}",
  type = "TS",
  institution = "{European Telecommunications Standards Institute (ETSI)}",
  number = "{123002 v4.8.0}",
  month = jun,
  year = 2003,
  url = "http://pda.etsi.org/pda/queryform.asp",
}

@Techreport{ETSI.TS.123002.v5.12.0,
  author = "{ETSI}",
  title = "{Digital cellular telecommunications system (Phase 2+); Universal Mobile Telecommunications System (UMTS); Network architecture (3GPP TS 23.002 version 5.12.0 Release 5)}",
  type = "TS",
  institution = "{European Telecommunications Standards Institute (ETSI)}",
  number = "{123002 v5.12.0}",
  month = sep,
  year = 2003,
  url = "http://pda.etsi.org/pda/queryform.asp",
}

@Techreport{ETSI.TS.123002.v6.10.0,
  author = "{ETSI}",
  title = "{Digital cellular telecommunications system (Phase 2+); Universal Mobile Telecommunications System (UMTS); Network architecture (3GPP TS 23.002 version 6.10.0 Release 6)}",
  type = "TS",
  institution = "{European Telecommunications Standards Institute (ETSI)}",
  number = "{123002 v6.10.0}",
  month = dec,
  year = 2005,
  url = "http://pda.etsi.org/pda/queryform.asp",
}

@Techreport{ETSI.TS.123002.v7.6.0,
  author = "{ETSI}",
  title = "{Digital cellular telecommunications system (Phase 2+); Universal Mobile Telecommunications System (UMTS); LTE; Network architecture (3GPP TS 23.002 version 7.6.0 Release 7)}",
  type = "TS",
  institution = "{European Telecommunications Standards Institute (ETSI)}",
  number = "{123002 v7.6.0}",
  month = jan,
  year = 2009,
  url = "http://pda.etsi.org/pda/queryform.asp",
}

@Techreport{ETSI.TS.123002.v8.6.0,
  author = "{ETSI}",
  title = "{Digital cellular telecommunications system (Phase 2+); Universal Mobile Telecommunications System (UMTS); LTE; Network architecture (3GPP TS 23.002 version 8.6.0 Release 8)}",
  type = "TS",
  institution = "{European Telecommunications Standards Institute (ETSI)}",
  number = "{123002 v8.6.0}",
  month = oct,
  year = 2009,
  url = "http://pda.etsi.org/pda/queryform.asp",
}

@Techreport{ETSI.TS.123002.v9.3.0,
  author = "{ETSI}",
  title = "{Digital cellular telecommunications system (Phase 2+); Universal Mobile Telecommunications System (UMTS); LTE; Network architecture (3GPP TS 23.002 version 9.3.0 Release 9)}",
  type = "TS",
  institution = "{European Telecommunications Standards Institute (ETSI)}",
  number = "{123002 v9.3.0}",
  month = jun,
  year = 2010,
  url = "http://pda.etsi.org/pda/queryform.asp",
}

@Techreport{ETSI.TS.123218.v5.9.0,
  author = "{ETSI}",
  title = "{Digital cellular telecommunications system (Phase 2+); Universal Mobile Telecommunications System (UMTS); IP Multimedia (IM) session handling; IM call model}",
  type = "TS",
  institution = "{European Telecommunications Standards Institute (ETSI)}",
  number = "{123218 v5.9.0}",
  month = jun,
  year = 2006,
  url = "http://pda.etsi.org/pda/queryform.asp",
}

@Techreport{ETSI.TS.123218.v6.4.0,
  author = "{ETSI}",
  title = "{Digital cellular telecommunications system (Phase 2+); Universal Mobile Telecommunications System (UMTS); IP Multimedia (IM) session handling; IM call model}",
  type = "TS",
  institution = "{European Telecommunications Standards Institute (ETSI)}",
  number = "{123218 v6.4.0}",
  month = jun,
  year = 2006,
  url = "http://pda.etsi.org/pda/queryform.asp",
}

@Techreport{ETSI.TS.123218.v7.10.0,
  author = "{ETSI}",
  title = "{Digital cellular telecommunications system (Phase 2+); Universal Mobile Telecommunications System (UMTS); LTE; IP Multimedia (IM) session handling}",
  type = "TS",
  institution = "{European Telecommunications Standards Institute (ETSI)}",
  number = "{123218 v7.10.0}",
  month = jan,
  year = 2010,
  url = "http://pda.etsi.org/pda/queryform.asp",
}

@Techreport{ETSI.TS.123218.v8.6.0,
  author = "{ETSI}",
  title = "{Digital cellular telecommunications system (Phase 2+); Universal Mobile Telecommunications System (UMTS); LTE; IP Multimedia (IM) session handling}",
  type = "TS",
  institution = "{European Telecommunications Standards Institute (ETSI)}",
  number = "{123218 v8.6.0}",
  month = apr,
  year = 2010,
  url = "http://pda.etsi.org/pda/queryform.asp",
}

@Techreport{ETSI.TS.123218.v9.2.0,
  author = "{ETSI}",
  title = "{Digital cellular telecommunications system (Phase 2+); Universal Mobile Telecommunications System (UMTS); LTE; IP Multimedia (IM) session handling}",
  type = "TS",
  institution = "{European Telecommunications Standards Institute (ETSI)}",
  number = "{123218 v9.2.0}",
  month = jun,
  year = 2010,
  url = "http://pda.etsi.org/pda/queryform.asp",
}

@Techreport{ETSI.TS.123221.v9.4.0,
  author = "{ETSI}",
  title = "{Digital cellular telecommunications system (Phase 2+); Universal Mobile Telecommunications System (UMTS); LTE; Architectural requirements (3GPP TS 23.221 version 9.4.0 Release 9)}",
  type = "TS",
  institution = "{European Telecommunications Standards Institute (ETSI)}",
  number = "{123221 v9.4.0}",
  month = jun,
  year = 2010,
  url = "http://pda.etsi.org/pda/queryform.asp",
}

@Techreport{ETSI.TS.123228.v5.15.0,
  author = "{ETSI}",
  title = "{Digital cellular telecommunications system (Phase 2+); Universal Mobile Telecommunications System (UMTS); IP Multimedia Subsystem (IMS); Stage 2 (3GPP TS 23.228 version 5.15.0 Release 5)}",
  type = "TS",
  institution = "{European Telecommunications Standards Institute (ETSI)}",
  number = "{123228 v5.15.0}",
  month = jun,
  year = 2006,
  url = "http://pda.etsi.org/pda/queryform.asp",
}

@Techreport{ETSI.TS.123228.v6.16.0,
  author = "{ETSI}",
  title = "{Digital cellular telecommunications system (Phase 2+); Universal Mobile Telecommunications System (UMTS); IP Multimedia Subsystem (IMS); Stage 2 (3GPP TS 23.228 version 6.16.0 Release 6)}",
  type = "TS",
  institution = "{European Telecommunications Standards Institute (ETSI)}",
  number = "{123228 v6.16.0}",
  month = mar,
  year = 2007,
  url = "http://pda.etsi.org/pda/queryform.asp",
}

@Techreport{ETSI.TS.123228.v7.16.0,
  author = "{ETSI}",
  title = "{Digital cellular telecommunications system (Phase 2+); Universal Mobile Telecommunications System (UMTS); LTE; IP Multimedia Subsystem (IMS)}",
  type = "TS",
  institution = "{European Telecommunications Standards Institute (ETSI)}",
  number = "{123228 v7.16.0}",
  month = jan,
  year = 2010,
  url = "http://pda.etsi.org/pda/queryform.asp",
}

@Techreport{ETSI.TS.123228.v8.12.0,
  author = "{ETSI}",
  title = "{Digital cellular telecommunications system (Phase 2+); Universal Mobile Telecommunications System (UMTS); LTE; IP Multimedia Subsystem (IMS)}",
  type = "TS",
  institution = "{European Telecommunications Standards Institute (ETSI)}",
  number = "{123228 v8.12.0}",
  month = mar,
  year = 2010,
  url = "http://pda.etsi.org/pda/queryform.asp",
}

@Techreport{ETSI.TS.123228.v9.3.0,
  author = "{ETSI}",
  title = "{Digital cellular telecommunications system (Phase 2+); Universal Mobile Telecommunications System (UMTS); LTE; IP Multimedia Subsystem (IMS)}",
  type = "TS",
  institution = "{European Telecommunications Standards Institute (ETSI)}",
  number = "{123228 v9.3.0}",
  month = mar,
  year = 2010,
  url = "http://pda.etsi.org/pda/queryform.asp",
}

@Techreport{ETSI.TS.123406.v7.2.0,
  author = "{ETSI}",
  title = "{Digital cellular telecommunications system (Phase 2+); Universal Mobile Telecommunications System (UMTS); TISPAN; IP Multimedia Subsystem (IMS)}",
  type = "TS",
  institution = "{European Telecommunications Standards Institute (ETSI)}",
  number = "{123406 v7.2.0}",
  month = oct,
  year = 2008,
  url = "http://pda.etsi.org/pda/queryform.asp",
}

@Techreport{ETSI.TS.123506.v8.1.0,
  author = "{ETSI}",
  title = "{Digital cellular telecommunications system (Phase 2+); Universal Mobile Telecommunications System (UMTS); TISPAN; IP Multimedia Subsystem (IMS)}",
  type = "TS",
  institution = "{European Telecommunications Standards Institute (ETSI)}",
  number = "{123506 v8.1.0}",
  month = oct,
  year = 2010,
  url = "http://pda.etsi.org/pda/queryform.asp",
}

@Techreport{ETSI.TS.123517.v8.0.0,
  author = "{ETSI}",
  title = "{Digital cellular telecommunications system (Phase 2+); Universal Mobile Telecommunications System (UMTS); Telecommunications and Internet converged Services and Protocols for Advanced Networking (TISPAN); IP Multimedia Subsystem (IMS)}",
  type = "TS",
  institution = "{European Telecommunications Standards Institute (ETSI)}",
  number = "{123517 v8.0.0}",
  month = dec,
  year = 2007,
  url = "http://pda.etsi.org/pda/queryform.asp",
}

@Techreport{ETSI.TS.124229.v5.23.0,
  author = "{ETSI}",
  title = "{Digital cellular telecommunications system (Phase 2+); Universal Mobile Telecommunications System (UMTS); LTE; Internet Protocol (IP) multimedia call control protocol based on Session Initiation Protocol (SIP) and Session Description Protocol (SDP)}",
  type = "TS",
  institution = "{European Telecommunications Standards Institute (ETSI)}",
  number = "{124229 v5.23.0}",
  month = oct,
  year = 2009,
  url = "http://pda.etsi.org/pda/queryform.asp",
}

@Techreport{ETSI.TS.124229.v6.24.0,
  author = "{ETSI}",
  title = "{Digital cellular telecommunications system (Phase 2+); Universal Mobile Telecommunications System (UMTS); LTE; Internet Protocol (IP) multimedia call control protocol based on Session Initiation Protocol (SIP) and Session Description Protocol (SDP)}",
  type = "TS",
  institution = "{European Telecommunications Standards Institute (ETSI)}",
  number = "{124229 v6.24.0}",
  month = feb,
  year = 2010,
  url = "http://pda.etsi.org/pda/queryform.asp",
}

@Techreport{ETSI.TS.124229.v7.19.0,
  author = "{ETSI}",
  title = "{Digital cellular telecommunications system (Phase 2+); Universal Mobile Telecommunications System (UMTS); LTE; IP multimedia call control protocol based on Session Initiation Protocol (SIP) and Session Description Protocol (SDP)}",
  type = "TS",
  institution = "{European Telecommunications Standards Institute (ETSI)}",
  number = "{124229 v7.20.0}",
  month = jul,
  year = 2010,
  url = "http://pda.etsi.org/pda/queryform.asp",
}

@Techreport{ETSI.TS.124229.v7.20.0,
  author = "{ETSI}",
  title = "{Digital cellular telecommunications system (Phase 2+); Universal Mobile Telecommunications System (UMTS); LTE; IP multimedia call control protocol based on Session Initiation Protocol (SIP) and Session Description Protocol (SDP)}",
  type = "TS",
  institution = "{European Telecommunications Standards Institute (ETSI)}",
  number = "{124229 v7.20.0}",
  month = jul,
  year = 2010,
  url = "http://pda.etsi.org/pda/queryform.asp",
}

@Techreport{ETSI.TS.124229.v8.11.0,
  author = "{ETSI}",
  title = "{Digital cellular telecommunications system (Phase 2+); Universal Mobile Telecommunications System (UMTS); LTE; IP multimedia call control protocol based on Session Initiation Protocol (SIP) and Session Description Protocol (SDP)}",
  type = "TS",
  institution = "{European Telecommunications Standards Institute (ETSI)}",
  number = "{124229 v8.12.0}",
  month = jul,
  year = 2010,
  url = "http://pda.etsi.org/pda/queryform.asp",
}

@Techreport{ETSI.TS.124229.v8.12.0,
  author = "{ETSI}",
  title = "{Digital cellular telecommunications system (Phase 2+); Universal Mobile Telecommunications System (UMTS); LTE; IP multimedia call control protocol based on Session Initiation Protocol (SIP) and Session Description Protocol (SDP)}",
  type = "TS",
  institution = "{European Telecommunications Standards Institute (ETSI)}",
  number = "{124229 v8.12.0}",
  month = jul,
  year = 2010,
  url = "http://pda.etsi.org/pda/queryform.asp",
}

@Techreport{ETSI.TS.124229.v9.3.1,
  author = "{ETSI}",
  title = "{Digital cellular telecommunications system (Phase 2+); Universal Mobile Telecommunications System (UMTS); LTE; IP multimedia call control protocol based on Session Initiation Protocol (SIP) and Session Description Protocol (SDP)}",
  type = "TS",
  institution = "{European Telecommunications Standards Institute (ETSI)}",
  number = "{124229 v9.4.0}",
  month = jul,
  year = 2010,
  url = "http://pda.etsi.org/pda/queryform.asp",
}

@Techreport{ETSI.TS.124229.v9.4.0,
  author = "{ETSI}",
  title = "{Digital cellular telecommunications system (Phase 2+); Universal Mobile Telecommunications System (UMTS); LTE; IP multimedia call control protocol based on Session Initiation Protocol (SIP) and Session Description Protocol (SDP)}",
  type = "TS",
  institution = "{European Telecommunications Standards Institute (ETSI)}",
  number = "{124229 v9.4.0}",
  month = jul,
  year = 2010,
  url = "http://pda.etsi.org/pda/queryform.asp",
}

@Techreport{ETSI.TS.129162.v6.2.0,
  author = "{ETSI}",
  title = "{Digital cellular telecommunications system (Phase 2+); Universal Mobile Telecommunications System (UMTS); Interworking between the IM CN subsystem and IP networks (3GPP TS 29.162 version 6.2.0 Release 6)}",
  type = "TS",
  institution = "{European Telecommunications Standards Institute (ETSI)}",
  number = "{129162 v6.2.0}",
  month = sep,
  year = 2005,
  url = "http://pda.etsi.org/pda/queryform.asp",
}

@Techreport{ETSI.TS.129162.v7.3.0,
  author = "{ETSI}",
  title = "{Digital cellular telecommunications system (Phase 2+); Universal Mobile Telecommunications System (UMTS); LTE; Interworking between the IM CN subsystem and IP networks (3GPP TS 29.162 version 7.3.0 Release 7)}",
  type = "TS",
  institution = "{European Telecommunications Standards Institute (ETSI)}",
  number = "{129162 v7.3.0}",
  month = apr,
  year = 2009,
  url = "http://pda.etsi.org/pda/queryform.asp",
}

@Techreport{ETSI.TS.129162.v8.3.0,
  author = "{ETSI}",
  title = "{Digital cellular telecommunications system (Phase 2+); Universal Mobile Telecommunications System (UMTS); LTE; Interworking between the IM CN subsystem and IP networks (3GPP TS 29.162 version 8.3.0 Release 8)}",
  type = "TS",
  institution = "{European Telecommunications Standards Institute (ETSI)}",
  number = "{129162 v8.3.0}",
  month = jun,
  year = 2010,
  url = "http://pda.etsi.org/pda/queryform.asp",
}

@Techreport{ETSI.TS.129162.v9.5.0,
  author = "{ETSI}",
  title = "{Digital cellular telecommunications system (Phase 2+); Universal Mobile Telecommunications System (UMTS); LTE; Interworking between the IM CN subsystem and IP networks (3GPP TS 29.162 version 9.5.0 Release 9)}",
  type = "TS",
  institution = "{European Telecommunications Standards Institute (ETSI)}",
  number = "{129162 v9.5.0}",
  month = jun,
  year = 2010,
  url = "http://pda.etsi.org/pda/queryform.asp",
}

@Techreport{ETSI.TS.129165.v8.5.0,
  author = "{ETSI}",
  title = "{Digital cellular telecommunications system (Phase 2+); Universal Mobile Telecommunications System (UMTS); LTE; Inter-IMS Network to Network Interface (NNI) (3GPP TS 29.165 version 8.5.0 Release 8)}",
  type = "TS",
  institution = "{European Telecommunications Standards Institute (ETSI)}",
  number = "{129165 v8.5.0}",
  month = apr,
  year = 2010,
  url = "http://pda.etsi.org/pda/queryform.asp",
}

@Techreport{ETSI.TS.129165.v9.3.0,
  author = "{ETSI}",
  title = "{Digital cellular telecommunications system (Phase 2+); Universal Mobile Telecommunications System (UMTS); LTE; Inter-IMS Network to Network Interface (NNI) (3GPP TS 29.165 version 9.3.0 Release 9)}",
  type = "TS",
  institution = "{European Telecommunications Standards Institute (ETSI)}",
  number = "{129165 v9.3.0}",
  month = jun,
  year = 2010,
  url = "http://pda.etsi.org/pda/queryform.asp",
}

@Techreport{ETSI.TS.129207.v5.9.0,
  author = "{ETSI}",
  title = "{Digital cellular telecommunications system (Phase 2+); Universal Mobile Telecommunications System (UMTS); Policy control over Go interface (3GPP TS 29.207 version 5.9.0 Release 5)}",
  type = "TS",
  institution = "{European Telecommunications Standards Institute (ETSI)}",
  number = "{129207 v5.9.0}",
  month = sep,
  year = 2004,
  url = "http://pda.etsi.org/pda/queryform.asp",
}

@Techreport{ETSI.TS.129207.v6.5.0,
  author = "{ETSI}",
  title = "{Digital cellular telecommunications system (Phase 2+); Universal Mobile Telecommunications System (UMTS); Policy control over Go interface (3GPP TS 29.207 version 6.5.0 Release 6)}",
  type = "TS",
  institution = "{European Telecommunications Standards Institute (ETSI)}",
  number = "{129207 v6.5.0}",
  month = sep,
  year = 2005,
  url = "http://pda.etsi.org/pda/queryform.asp",
}

@Techreport{ETSI.TS.129209.v6.7.0,
  author = "{ETSI}",
  title = "{Universal Mobile Telecommunications System (UMTS); Policy control over Gq interface (3GPP TS 29.209 version 6.7.0 Release 6)}",
  type = "TS",
  institution = "{European Telecommunications Standards Institute (ETSI)}",
  number = "{129209 v6.7.0}",
  month = jun,
  year = 2007,
  url = "http://pda.etsi.org/pda/queryform.asp",
}

@Techreport{ETSI.TS.129235.v9.5.0,
  author = "{ETSI}",
  title = "{Digital cellular telecommunications system (Phase 2+); Universal Mobile Telecommunications System (UMTS); LTE; Interworking between SIP-I based circuit-switched core network and other networks (3GPP TS 29.235 version 9.5.0 Release 9)}",
  type = "TS",
  institution = "{European Telecommunications Standards Institute (ETSI)}",
  number = "{129235 v9.5.0}",
  month = jun,
  year = 2010,
  url = "http://pda.etsi.org/pda/queryform.asp",
}

@Techreport{ETSI.TS.129238.v9.2.0,
  author = "{ETSI}",
  title = "{Universal Mobile Telecommunications System (UMTS); LTE; Interconnection Border Control Functions (IBCF) - Transition Gateway (TrGW) interface; Ix interface}",
  type = "TS",
  institution = "{European Telecommunications Standards Institute (ETSI)}",
  number = "{129238 v9.2.0}",
  month = jun,
  year = 2010,
  url = "http://pda.etsi.org/pda/queryform.asp",
}

@Techreport{ETSI.TS.129421.v8.0.1,
  author = "{ETSI}",
  title = "{Digital cellular telecommunications system (Phase 2+); Universal Mobile Telecommunications System (UMTS); TISPAN; NGN Release 1}",
  type = "TS",
  institution = "{European Telecommunications Standards Institute (ETSI)}",
  number = "{129421 v8.0.1}",
  month = jan,
  year = 2009,
  url = "http://pda.etsi.org/pda/queryform.asp",
}

@Techreport{ETSI.TS.129421,
  author = "{ETSI}",
  title = "{Digital cellular telecommunications system (Phase 2+); Universal Mobile Telecommunications System (UMTS); TISPAN; NGN Release 1; Endorsement of 3GPP TS 29.162 Interworking between IM CN Sub-system and IP networks (3GPP TS 29.421 version 8.1.0 Release 8)}",
  type = "TS",
  institution = "{European Telecommunications Standards Institute (ETSI)}",
  number = "{129421 v8.1.0}",
  month = oct,
  year = 2010,
  url = "http://pda.etsi.org/pda/queryform.asp",
}

@Techreport{ETSI.TS.181002.v.2.2.5,
  author = "{ETSI}",
  title = "{Telecommunications and Internet converged Services and Protocols for Advanced Networking (TISPAN); Multimedia Telephony with PSTN/ISDN simulation services}",
  type = "TS",
  institution = "{European Telecommunications Standards Institute (ETSI)}",
  number = "{181002 v2.2.5}",
  month = nov,
  year = 2007,
  url = "http://pda.etsi.org/pda/queryform.asp",
}
@Techreport{ETSI.TS.181005.v3.3.1,
  author = "{ETSI}",
  title = "{Telecommunications and Internet converged Services and Protocols for Advanced Networking (TISPAN); Service and Capability Requirements}",
  type = "TS",
  institution = "{European Telecommunications Standards Institute (ETSI)}",
  number = "{181005 v3.3.1}",
  month = dec,
  year = 2009,
  url = "http://pda.etsi.org/pda/queryform.asp",
}

@Techreport{ETSI.TS.181018.v2.0.0,
  author = "{ETSI}",
  title = "{Telecommunications and Internet converged Services and Protocols for Advanced Networking (TISPAN); Requirements for QoS in a NGN}",
  type = "TS",
  institution = "{European Telecommunications Standards Institute (ETSI)}",
  number = "{181018 v2.0.0}",
  month = aug,
  year = 2007,
  url = "http://pda.etsi.org/pda/queryform.asp",
}

@Techreport{ETSI.TS.182006.v1.2.1,
  author = "{ETSI}",
  title = "{Telecommunications and Internet converged Services and Protocols for Advanced Networking (TISPAN); IP Multimedia Subsystem (IMS); Stage 2 description [3GPP TS 23.406 Release 7, modified]}",
  type = "TS",
  institution = "{European Telecommunications Standards Institute (ETSI)}",
  number = "{182006 v1.2.1}",
  month = oct,
  year = 2008,
  url = "http://pda.etsi.org/pda/queryform.asp",
}
@Techreport{ETSI.TS.182012.v2.1.4,
  author = "{ETSI}",
  title = "{Telecommunications and Internet converged Services and Protocols for Advanced Networking (TISPAN); IMS-based PSTN/ISDN Emulation Sub-system (PES); Functional architecture }",
  type = "TS",
  institution = "{European Telecommunications Standards Institute (ETSI)}",
  number = "{182012 v2.1.4}",
  month = mar,
  year = 2008,
  url = "http://pda.etsi.org/pda/queryform.asp",
}
@Techreport{ETSI.TS.182006.v2.1.1,
  author = "{ETSI}",
  title = "{Telecommunications and Internet converged Services and Protocols for Advanced Networking (TISPAN); IP Multimedia Subsystem (IMS); Stage 2 description [3GPP TS 23.506 Release 8, modified]}",
  type = "TS",
  institution = "{European Telecommunications Standards Institute (ETSI)}",
  number = "{182006 v2.1.1}",
  month = oct,
  year = 2008,
  url = "http://pda.etsi.org/pda/queryform.asp",
}

@Techreport{ETSI.TS.182025.v2.1.1,
  author = "{ETSI}",
  title = "{Telecommunications and Internet converged Services and Protocols for Advanced Networking (TISPAN); Business trunking; Architecture and functional description}",
  type = "TS",
  institution = "{European Telecommunications Standards Institute (ETSI)}",
  number = "{182025 v2.1.1}",
  month = sep,
  year = 2008,
  url = "http://pda.etsi.org/pda/queryform.asp",
}

@Techreport{ETSI.TS.182027.v3.5.1,
  author = "{ETSI}",
  title = "{Telecommunications and Internet converged Services and Protocols for Advanced Networking (TISPAN); IPTV Architecture; IPTV functions supported by the IMS subsystem}",
  type = "TS",
  institution = "{European Telecommunications Standards Institute (ETSI)}",
  number = "{182027 v3.5.1}",
  month = mar,
  year = 2011,
  note = "{Available}: \url{http://www.etsi.org/deliver/etsi_ts/182000_182099/182027/03.05.01_60/ts_182027v030501p.pdf} [retrieved: Dec., 2013]",
}

@Techreport{ETSI.TS.182032.v0.0.5,
  author = "{ETSI}",
  title = "{Telecommunications and Internet converged Services and Protocols for Advanced Networking (TISPAN); CDN Interconnection Architecture; Draft}",
  type = "TS",
  institution = "{European Telecommunications Standards Institute (ETSI)}",
  number = "{182032 v0.0.5}",
  month = jun,
  year = 2012,
  url = "http://docbox.etsi.org/TISPAN/Open/NGN_LATEST_DRAFTS/RELEASE_INDEPENDENT/02086_ts182032_cdn-i_architecture_v006_output_draft.pdf",
}

@Techreport{ETSI.TS.183017.v1.4.0,
  author = "{ETSI}",
  title = "{Telecommunications and Internet Converged Services and Protocols for Advanced Networking (TISPAN); Resource and Admission Control: DIAMETER protocol for session based policy set-up information exchange between the Application Function (AF) and the Service Policy Decision Function (SPDF); Protocol specification}",
  type = "TS",
  institution = "{European Telecommunications Standards Institute (ETSI)}",
  number = "{183017 v1.4.0}",
  month = aug,
  year = 2007,
  url = "http://pda.etsi.org/pda/queryform.asp",
}

@Techreport{ETSI.TS.183017.v2.3.1,
  author = "{ETSI}",
  title = "{Telecommunications and Internet converged Services and Protocols for Advanced Networking (TISPAN); Resource and Admission Control: DIAMETER protocol for session based policy set-up information exchange between the Application Function (AF) and the Service Policy Decision Function (SPDF); Protocol specification}",
  type = "TS",
  institution = "{European Telecommunications Standards Institute (ETSI)}",
  number = "{183017 v2.3.1}",
  month = sep,
  year = 2008,
  url = "http://pda.etsi.org/pda/queryform.asp",
}

@Techreport{ETSI.TS.183017.v3.2.1,
  author = "{ETSI}",
  title = "{Telecommunications and Internet converged Services and Protocols for Advanced Networking (TISPAN); Resource and Admission Control: DIAMETER protocol for session based policy set-up information exchange between the Application Function (AF) and the Service Policy Decision Function (SPDF); Protocol specification}",
  type = "TS",
  institution = "{European Telecommunications Standards Institute (ETSI)}",
  number = "{183017 v3.2.1}",
  month = feb,
  year = 2010,
  url = "http://pda.etsi.org/pda/queryform.asp",
}

@Techreport{ETSI.TS.183021.v1.2.0,
  author = "{ETSI}",
  title = "{Telecommunications and Internet converged Services and Protocols for Advanced Networking (TISPAN); NGN Release 1; Endorsement of 3GPP TS 29.162 Interworking between IM CN Sub-system and IP networks}",
  type = "TS",
  institution = "{European Telecommunications Standards Institute (ETSI)}",
  number = "{183021 v1.2.0}",
  month = jun,
  year = 2008,
  url = "http://pda.etsi.org/pda/queryform.asp",
}

@Techreport{ETSI.TS.183021.v2.0.0,
  author = "{ETSI}",
  title = "{Telecommunications and Internet converged Services and Protocols for Advanced Networking (TISPAN); Endorsement of 3GPP TS 29.162 Interworking between IM CN Sub-system and IP networks}",
  type = "TS",
  institution = "{European Telecommunications Standards Institute (ETSI)}",
  number = "{183021 v2.0.0}",
  month = jun,
  year = 2008,
  url = "http://pda.etsi.org/pda/queryform.asp",
}

@Techreport{ETSI.TS.183063.v3.5.2,
  author = "{{ETSI}}",
  title = "{Telecommunications and Internet converged Services and Protocols for Advanced Networking (TISPAN); IMS-based IPTV stage 3 specification}",
  type = "TS",
  institution = "{European Telecommunications Standards Institute (ETSI)}",
  number = "{183063 v3.5.2}",
  month = mar,
  year = 2011,
  note = "{Available}: \url{http://www.etsi.org/deliver/etsi_ts/183000_183099/183063/03.05.02_60/ts_183063v030502p.pdf}  [retrieved: Dec., 2013]",
}

@Techreport{ETSI.TS.187001.v1.1.1,
  author = "{ETSI}",
  title = "{Telecommunications and Internet converged Services and Protocols for Advanced Networking (TISPAN); NGN SECurity (SEC); Requirements}",
  type = "TS",
  institution = "{European Telecommunications Standards Institute (ETSI)}",
  number = "{187001 v1.1.1}",
  month = mar,
  year = 2006,
  url = "http://pda.etsi.org/pda/queryform.asp",
}


@Techreport{ETSI.TS.186008-2.v.1.1.1,
  author = "{ETSI}",
  title = "{Telecommunications and Internet converged Services and Protocols for Advanced Networking (TISPAN); ) ISM/NGN Performance Benchmark; Part 2: Subsystem Configurations and
		Benchmarks}",
  type = "TS",
  institution = "{European Telecommunications Standards Institute (ETSI)}",
  number = "{186008-2 v1.1.1}",
  month = oct,
  year = 2007,
  url = "http://pda.etsi.org/pda/queryform.asp",
}


@Techreport{ETSI.TS.187001.v2.1.5,
  author = "{ETSI}",
  title = "{Telecommunications and Internet converged Services and Protocols for Advanced Networking (TISPAN); NGN SECurity (SEC); Requirements}",
  type = "TS",
  institution = "{European Telecommunications Standards Institute (ETSI)}",
  number = "{187001 v2.1.5}",
  month = oct,
  year = 2008,
  url = "http://pda.etsi.org/pda/queryform.asp",
}
