@ARTICLE{802.1d,
	author={},
	journal={IEEE Std P802.1D/D4},
	title={Draft Standard for Local and Metropolitan Area Networks: Media Access Control (MAC) Bridges (Revision of IEEE Std 802.1D -1998 incorporating IEEE Std 802.1t -2001 IEEE Std 802.1w -2001) (Replaced by 802.1D-2004)},
	year={2003},
	month={Jun},
	volume={},
	number={},
	pages={},
	keywords={},
	doi={},
	ISSN={},}

@ARTICLE{802.16m,
	author={IEEE.org},
	journal={IEEE Std 802.16m},
	title={IEEE 802.16m (Amendment to IEEE Standard for Local and metropolitan area networks, Part 16: Air Interface for Broadband Wireless Access Systems - Advanced Air Interface)},
	year={2011},
	month={Jun},
	volume={},
	number={},
	pages={},
	keywords={},
	doi={},
	ISSN={},}

@ARTICLE{802.11e,
	author={},
	journal={IEEE 802.11e},
	title={Telecommunications and information exchange between systems - Local and metropolitan area networks - Specific requirements - Part 11: Wireless LAN Medium Access Control (MAC) and Physical Layer (PHY) specifications - Amendment 8: Medium Access Control (MAC) Quality of Service Enhancements},
	year={2005},
	month={Nov},
	volume={},
	number={},
	pages={},
	keywords={},
	doi={},
	ISSN={},}

@ARTICLE{ssdp,
	author = {S. Albright, P. Leach, Y. Gu, Y. Goland, T. Cai},
	title = {\emph{Simple Service Discovery Protocol/1.0; draft-cai-ssdp-v1-03} {http://datatracker.ietf.org/doc/draft-cai-ssdp-v1/}},
	year = {1999},
	month = {Nov},
	url = {http://datatracker.ietf.org/doc/draft-cai-ssdp-v1/}
	}

@ARTICLE{genac2a,
	author = {J. Cohen, S. Aggarwal, Y. Y. Goland},
	title = {\emph{General Event Notification Architecture Base: Client to Arbiter; draft-cohen-gena-client-00} {http://tools.ietf.org/html/draft-cohen-gena-client-00}},
	year = {1999},
	month = {Jun},
	url = {http://tools.ietf.org/html/draft-cohen-gena-client-00}
	}

@ARTICLE{igd-pcp,
	author = {M. Boucadair, F. Dupont, R. Penno, D. Wing},
	title = {\emph{Universal Plug and Play (UPnP) Internet Gateway Device (IGD)-Port Control Protocol (PCP) Interworking Function; draft-ietf-pcp-upnp-igd-interworking-04} {http://datatracker.ietf.org/doc/draft-ietf-pcp-upnp-igd-interworking/}},
	year = {2012},
	month = {Sep},
	url = {http://datatracker.ietf.org/doc/draft-ietf-pcp-upnp-igd-interworking/}
	}

@ARTICLE{soap12,
	author = {Martin Gudgin, Marc Hadley, Noah Mendelsohn, Jean-Jacques Moreau, Henrik Frystyk Nielsen, Anish Karmarkar, Yves Lafon},
	title = {\emph{SOAP Version 1.2 Part 1: Messaging Framework (Second Edition); W3C Recommendation 27 April 2007} {http://www.w3.org/TR/soap12-part1/}},
	year = {2007},
	month = {Apr},
	url = {http://www.w3.org/TR/soap12-part1/}
	}

@ARTICLE{genabase1,
	author = {J. Cohen, S. Aggarwal, Y. Y. Goland},
	title = {\emph{General Event Notification Architecture Base: Client to Arbiter; draft-cohen-gena-client-01} {ftp://ftp.im.must.edu.tw/download/wtlin/UPnP-DLNA/UPnP\%A9x\%A4\%E8\%A4\%E5\%A5\%F320051215/specifications/draft-cohen-gena-client-01.txt} \emph{(ftp://ftp.im.must.edu.tw/download/wtlin/UPnP-DLNA/UPnP©x¤è¤å¥ó20051215/specifi-cations/draft-cohen-gena-client-01.txt)}},
	year = {2000},
	month = {Sep},
	url = {ftp://ftp.im.must.edu.tw/download/wtlin/UPnP-DLNA/UPnP\%A9x\%A4\%E8\%A4\%E5\%A5\%F320051215/specifications/draft-cohen-gena-client-01.txt}
	}

@ARTICLE{genabase,
	author = {J. Cohen, S. Aggarwal},
	title = {\emph{General Event Notification Architecture Base; draft-cohen-gena-p-base-01} {http://tools.ietf.org/html/draft-cohen-gena-p-base-01}},
	year = {1998},
	month = {Jul},
	url = {http://tools.ietf.org/html/draft-cohen-gena-p-base-01}
	}

@ARTICLE{nytPatSword,
	author = {Charles Duhigg, Steve Lohr},
	title = {\emph{The Patent, Used as a Sword; The New York Times, The iEconomy, Part 7: A System in disarray} {http://www.nytimes.com/2012/10/08/technology/patent-wars-among-tech-giants-can-stifle-competition.html}},
	year = {2012},
	month = {Oct},
	url = {http://www.nytimes.com/2012/10/08/technology/patent-wars-among-tech-giants-can-stifle-competition.html}
	}

@ARTICLE{RTCforWeb,
	author = "Cullen Jennings and Ted Hardie and Magnus Westerlund",
	title = "Real-time communications for the web",
	journal = "Communications Magazine ",
	volume = "51",
	number = "4",
	year = "2013",
	month = "April",
	pages = "20 - 26",
	publisher = "IEEE Communications Society"
	}
	
	@ARTICLE{OpusMusic,
	author = "Jean-Martin Valin and Georg Maxwell and Tilo Terriberry and Klaus Vos",
	title = "High-Quality, Low-Delay Music Coding in the Opus Codec",
	journal = "AES Convention",
	volume = "",
	number = "",
	year = "2013",
	month = "October",
	pages = "",
	publisher = "135th AES Convention, New York"
	}
Anssi Rämö and Henri Toukomaa "Voice Quality Characterization of IETF Opus Codec", Interspeech 2011, Florence, Italy, August 2011

@ARTICLE{AnssiNokia01,
	author = "Anssi Raemoe and Henri Toukomaa",
	title = "Voice Quality Characterization of IETF Opus Codec",
	journal = "Interspeech 2011; Florence; Italy",
	volume = "",
	number = "",
	year = "2011",
	month = "August",
	pages = "",
	publisher = ""
	}


@ARTICLE{MMSP2015paper02,
	author = "Oliver Jokisch and Michael Maruschke and Martin Meszaros and Viktor Iaroshenko",
	title = "Audio and Speech Quality Survey of the Opus Codec in Web Real-Time Communication",
	journal = "to be published",
	volume = "",
	number = "",
	year = "2015",
	month = "Oct.",
	pages = "",
	publisher = ""
	}



@ARTICLE{VoiceOpus,
	author = "Jean-Martin Valin and Georg Maxwell and Tilo Terriberry and Klaus Vos",
	title = "Voice Coding with Opus",
	journal = "AES Convention",
	volume = "",
	number = "",
	year = "2013",
	month = "October",
	pages = "",
	publisher = "135th AES Convention, New York"
	}
	
@ARTICLE{PersonalizationofIPTV,
	author = "Eugen Mikoczy and Sebastian Schumann and Pavol Podhradsky",
	title = "Personalization of Internet Protocol Television (IPTV) Services in Next-Generation Networks (NGN) Architectures",
	journal = "Proceedings of the 8th International Conference on Advances in Mobile Computing and Multimedia ",
	volume = "",
	number = "",
	year = "2010",
	month = "November",
	ISBN = "978-1-4503-0440-5",
	pages = "366 - 369",
	publisher = "ACM"
	}
	
	@ARTICLE{CELT,
	author = "Jean-Marc Valin and Timothy B. Terriberry and Christopher Montgomery and Gregory Maxwell",
	title = "A High-Quality Speech and Audio Codec With
Less Than 10 ms Delay",
	journal = "IEEE Transactions on Audio, Speech and Language Processing",
	volume = "18",
	number = "1",
	year = "2010",
	month = "January",
	ISBN = "",
	pages = "",
	publisher = "IEEE"
	}