@Techreport{ITU-T.E.800,
  author = "{ITU-T}",
  title = "{Quality of telecommunication services: concepts, models, objectives and dependability planning – Terms and definitions related to the quality of telecommunication services; Definitions of terms related to quality of service}",
  type = "REC",
  institution = "{International Telecommunication Union (Telecommunication Standardization Sector)}",
  number = "{E.800}",
  month = sep,
  year = 2008,
  url = "http://www.itu.int/rec/T-REC-E.800-200809-I/en",
}
@Techreport{ITU-T.E.801,
  author = "{ITU-T}",
  title = "{Quality of service, network management and traffic engineering – Quality of telecommunication services: concepts, models, objectives and dependability planning – Terms and definitions related to the quality of telecommunication services; Framework for service quality agreement}",
  type = "REC",
  institution = "{International Telecommunication Union (Telecommunication Standardization Sector)}",
  number = "{E.801}",
  month = oct,
  year = 1996,
  url = "http://www.itu.int/rec/T-REC-E.801-199610-I/en",
}

@Techreport{ITU-T.E.860,
  author = "{ITU-T}",
  title = "{Quality of telecommunication services: One way transmission time}",
  type = "REC",
  institution = "{International Telecommunication Union (Telecommunication Standardization Sector)}",
  number = "{M.860}",
  month = jun,
  year = 2002,
  url = "http://www.itu.int/rec/T-REC-E.860-200206-I/en",
}


@Techreport{ITU-T.G.107,

  author = "{ITU-T}",
  title = "{International telephone connections and circuits – Transmission planning and the E-model. The E-model: a computational model for use in transmission planning}",
  type = "REC",
  institution = "{International Telecommunication Union (Telecommunication Standardization Sector)}",
  number = "{G.107}",
  month = dec,
  year = 2011,
  url = "http://www.itu.int/rec/T-REC-G.107-201112-I/en",
}

@Techreport{ITU-T.G.114,
  author = "{ITU-T}",
  title = "{General
Recommendations on the transmission quality for an entire international telephone connection-One-way transmission time}",
  type = "REC",
  institution = "{International Telecommunication Union (Telecommunication Standardization Sector)}",
  number = "{G.114}",
  month = may,
  year = 2003,
  url = "http://www.itu.int/rec/T-REC-G.114-200305-I/en",
}


@Techreport{ITU-T.G.8010,
  author = "{ITU-T}",
  title = "{Architecture of Ethernet layer networks}",
  type = "REC",
  institution = "{International Telecommunication Union (Telecommunication Standardization Sector)}",
  number = "{G.8010}",
  month = feb,
  year = 2004,
  url = "http://www.itu.int/rec/T-REC-G.8010-200402-I/en",
}
@Techreport{ITU-T.H.248.1,
  author = "{ITU-T}",
  title = "{Gateway control protocol: Version 3}",
  type = "REC",
  institution = "{International Telecommunication Union (Telecommunication Standardization Sector)}",
  number = "{H.248.1}",
  month = sep,
  year = 2009,
  url = "http://www.itu.int/rec/T-REC-H.248.1-200509-I/",
}

@Techreport{ITU-T.H.323,
  author = "{ITU-T}",
  title = "{Infrastructure of audiovisual services – Systems and
terminal equipment for audiovisual services:
Packet-based multimedia communications
systems}",
  type = "REC",
  institution = "{International Telecommunication Union (Telecommunication Standardization Sector)}",
  number = "{H.323}",
  month = dec,
  year = 2009,
  url = "http://www.itu.int/rec/T-REC-H.323-200912-I/en",
}


@Techreport{ITU-T.I.210,
  author = "{ITU-T}",
  title = "{ISDN Service Capabilities – Principles of
Telecommunications Services Supported by an ISDN and the Means to Describe Them}",
  type = "REC",
  institution = "{International Telecommunication Union (Telecommunication Standardization Sector)}",
  number = "{I.210}",
  month = mar,
  year = 1993,
  url = "http://www.itu.int/rec/T-REC-I.210-199303-I",
}



@Techreport{ITU-T.M.3060,
  author = "{ITU-T}",
  title = "{Telecommunications management network; Next Generation Networks – Network management}",
  type = "REC",
  institution = "{International Telecommunication Union (Telecommunication Standardization Sector)}",
  number = "{M.3060}",
  month = mar,
  year = 2006,
  url = "http://www.itu.int/rec/T-REC-M.3060-200603-I/en",
}

@Techreport{ITU-T.M.3190,
  author = "{ITU-T}",
  title = "{Telecommunications management network; Shared information and data model (SID)}",
  type = "REC",
  institution = "{International Telecommunication Union (Telecommunication Standardization Sector)}",
  number = "{M.3190}",
  month = jul,
  year = 2008,
  url = "http://www.itu.int/rec/T-REC-M.3190-200807-I/en",
}

@Techreport{ITU-T.M.3320,
  author = "{ITU-T}",
  title = "{Telecommunications management network; Guidelines for the definition of SLA representation templates}",
  type = "REC",
  institution = "{International Telecommunication Union (Telecommunication Standardization Sector)}",
  number = "{M.3320}",
  month = jul,
  year = 2006,
  url = "http://www.itu.int/rec/T-REC-M.3342-200607-I/en",
}

@Techreport{ITU-T.M.3342,
  author = "{ITU-T}",
  title = "{Telecommunications management network; Guidelines for the definition of SLA representation templates}",
  type = "REC",
  institution = "{International Telecommunication Union (Telecommunication Standardization Sector)}",
  number = "{M.3342}",
  month = jul,
  year = 2006,
  url = "http://www.itu.int/rec/T-REC-M.3342-200607-I/en",
}

@Techreport{ITU-T.Q.9,
  author = "{ITU-T}",
  title = "{International automatic and semi-automatic working - Vocabulary of switching and signalling terms}",
  type = "REC",
  institution = "{International Telecommunication Union (Telecommunication Standardization Sector)}",
  number = "{Q.9}",
  month = nov,
  year = 1988,
  url = "http://www.itu.int/rec/T-REC-Q.9-198811-I/en",
}

@Techreport{ITU-P.800,
  author = "{ITU-T}",
  title = "{Methods for objective and subjective assessment of quality- Methods for subjective determination of transmissen quality}",
  type = "REC",
  institution = "{International Telecommunication Union (Telecommunication Standardization Sector)}",
  number = "{P.800}",
  month = aug,
  year = 1996,
  url = "http://www.itu.int/rec/T-REC-P.800-199608-I/en",
}

@Techreport{ITU-P.800.1,
  author = "{ITU-T}",
  title = "{Methods for objective and subjective assessment of quality Mean Opinion Score (MOS) terminology}",
  type = "REC",
  institution = "{International Telecommunication Union (Telecommunication Standardization Sector)}",
  number = "{P.800.1}",
  month = jul,
  year = 2006,
  url = "http://www.itu.int/rec/T-REC-P.800.1-200607-I/en",
}

@Techreport{ITU-P.862,
  author = "{ITU-T}",
  title = "{Methods for objective and subjective assessment of quality Perceptual evaluation of speech quality (PESQ): 
An objective method for end-to-end speech quality assessment of narrow-band telephone networks and speech codecs }",
  type = "REC",
  institution = "{International Telecommunication Union (Telecommunication Standardization Sector)}",
  number = "{P.862}",
  month = feb,
  year = 2001,
  url = "http://www.itu.int/rec/T-REC-P.862-200102-I/en",
}


@report{ITU-P.863,
	title = {Methods for objective and subjective assessment of speech quality ({POLQA}): Perceptual objective listening quality assessment},
	url = {http://www.itu.int/rec/T-REC-P.863-201409-I/en},
	number = {P.863},
	institution = {International Telecommunication Union (Telecommunication Standardization Sector)},
	type = {{REC}},
	author = {{ITU-T}},
	date = {2014-09}
}
@Techreport{ITU-T.T.38,
  author = "{ITU-T}",
  title = "{Procedures for real-time Group 3 facsimile communication over IP networks}",
  type = "REC",
  institution = "{International Telecommunication Union (Telecommunication Standardization Sector)}",
  number = "{T.38}",
  month = apr,
  year = 2007,
  url = "http://www.itu.int/rec/T-REC-T.38-200704-I/en",
}

@Techreport{ITU-T.Y.101,
  author = "{ITU-T}",
  title = "{Global information infrastructure – General;Global information infrastructure terminology – Terms and definitions}",
  type = "REC",
  institution = "{International Telecommunication Union (Telecommunication Standardization Sector)}",
  number = "{Y.101}",
  month = mar,
  year = 2000,
  url = "http://www.itu.int/rec/T-REC-Y.101-200003-I/en",
}

@Techreport{ITU-T.Y.1540,
  author = "{ITU-T}",
  title = "{Internet protocol aspects – Quality of service and network performance;Internet protocol data communication service – IP packet transfer and availability performance parameters}",
  type = "REC",
  institution = "{International Telecommunication Union (Telecommunication Standardization Sector)}",
  number = "{Y.1540}",
  month = nov,
  year = 2007,
  url = "http://www.itu.int/rec/T-REC-Y.1540-200711-I/en",
}

@Techreport{ITU-T.Y.1541,
  author = "{ITU-T}",
  title = "{Internet protocol aspects – Quality of service and network performance;Network performance objectives for IP-based services}",
  type = "REC",
  institution = "{International Telecommunication Union (Telecommunication Standardization Sector)}",
  number = "{Y.1541}",
  month = feb,
  year = 2006,
  url = "http://www.itu.int/rec/T-REC-Y.1541-200602-I/en",
}

@Techreport{ITU-T.Y.2001,
  author = "{ITU-T}",
  title = "{Next Generation Networks – Frameworks and functional architecture models;General overview of NGN}",
  type = "REC",
  institution = "{International Telecommunication Union (Telecommunication Standardization Sector)}",
  number = "{Y.2001}",
  month = dec,
  year = 2004,
  url = "http://www.itu.int/itudoc/itu-t/aap/sg13aap/history/y2001/index.html",
}

@Techreport{ITU-T.Y.2012,
  author = "{ITU-T}",
  title = "{Next Generation Networks – Frameworks and functional architecture models;Functional requirements and architecture of next generation networks}",
  type = "REC",
  institution = "{International Telecommunication Union (Telecommunication Standardization Sector)}",
  number = "{Y.2012}",
  month = apr,
  year = 2010,
  url = "http://www.itu.int/rec/T-REC-Y.2012-201004-I",
}

@Techreport{ITU-T.Y.2031,
  author = "{ITU-T}",
  title = "{Next Generation Networks – Frameworks and functional architecture models; PSTN/ISDN emulation architecture}",
  type = "REC",
  institution = "{International Telecommunication Union (Telecommunication Standardization Sector)}",
  number = "{Y.2031}",
  month = sep,
  year = 2006,
  url = "http://www.itu.int/rec/T-REC-Y.2031-200609-I/en",
}
