@misc{noauthor_wellenlange_nodate,
	title = {Wellenlänge – {Physik}-{Schule}},
	url = {https://physik.cosmos-indirekt.de/Physik-Schule/Wellenlänge},
	language = {de},
	urldate = {2020-03-20}
}

@misc{noauthor_wellenwiderstand_nodate,
	title = {Wellenwiderstand – {Mikrocontroller}.net},
	url = {https://www.mikrocontroller.net/articles/Wellenwiderstand#Wellenwiderstand},
	urldate = {2020-03-20}
}

@misc{noauthor_index_nodate,
	title = {Index of /{\textasciitilde}venghaus/et},
	url = {http://www.mb.fh-stralsund.de/~venghaus/et/},
	urldate = {2020-03-20}
}

@misc{noauthor_trace_nodate,
	title = {Trace - {Measure}},
	url = {http://www.av.it.pt/medidas/Data/Manuais%20%26%20Tutoriais/40b%20-%20VNA%20-%20ZVB20/CD/documents/Help_Files/WebHelp_ZVB/MMI_Reference/Trace/Measure/Trace_-_Measure.htm},
	urldate = {2020-03-20}
}

@misc{noauthor_netzwerkanalysator_2019,
	title = {Netzwerkanalysator},
	copyright = {Creative Commons Attribution-ShareAlike License},
	url = {https://de.wikipedia.org/w/index.php?title=Netzwerkanalysator&oldid=194239590},
	language = {de},
	urldate = {2020-03-20},
	journal = {Wikipedia},
	month = nov,
	year = {2019},
	note = {Page Version ID: 194239590}
}

