@proceedings{DBLP:conf/tgc/2013,
  editor    = {Mart{\'{\i}}n Abadi and
               Alberto Lluch{-}Lafuente},
  title     = {Trustworthy Global Computing - 8th International Symposium, {TGC}
               2013, Buenos Aires, Argentina, August 30-31, 2013, Revised Selected
               Papers},
  series    = {Lecture Notes in Computer Science},
  volume    = {8358},
  publisher = {Springer},
  year      = {2014},
  url       = {http://dx.doi.org/10.1007/978-3-319-05119-2},
  doi       = {10.1007/978-3-319-05119-2},
  isbn      = {978-3-319-05118-5},
  timestamp = {Tue, 24 Jun 2014 12:05:25 +0200},
  biburl    = {http://dblp.uni-trier.de/rec/bib/conf/tgc/2013},
  bibsource = {dblp computer science bibliography, http://dblp.org}
}

