
@book{eichler_physik:_2011,
	title = {Physik: für das {Ingenieurstudium} - prägnant mit knapp 300 {Beispielaufgaben}},
	isbn = {9783834899422},
	shorttitle = {Physik},
	publisher = {Springer DE},
	author = {Eichler, Jürgen},
	year = {2011}
}

@book{schroder_elektrische_1966,
	address = {Berlin-Borsigwalde},
	title = {Elektrische {Nachrichtentechnik}, {I}. {Band}},
	publisher = {Verlag für Radio-Foto-Kinotechnik GmbH},
	author = {Schröder, Heinrich},
	year = {1966}
}