@TechReport{w3c.webrtc.1.0,
  author      = "Cullen Jennings and Anant Narayanan and Daniel Burnett and Adam Bergkvist",
  title       = "{WebRTC} 1.0: Real-time Communication Between Browsers",
  month       = oct,
  year        = "2015",
  type        = "{W3C} Editor's Draft",
  institution = "W3C",
  url = "http://w3c.github.io/webrtc-pc/",
  urldate = "2015-11-10"
}
